Margin Variance (%),Sales Quantity Variance (%),Revenue Variance (%),Product,Last Channel,Date,Margin-Actual,Margin,Revenue-Actual,Revenue,Sale Count-Actual,Sale Count
-5.281143212,5.2734375,9.182493807,STS,Offline-Inbound,5/11/2025,6098,6438,52888,48440,1078,1024
-28.707677635,8.327781479,29.784803251,STS,Offline-Inbound,3/28/2025,5980,8388,69296,53393,1626,1501
-13.076541577,-14.859632139,-38.185588198,STS,Offline-Inbound,3/13/2025,5258,6049,33687,54497,1759,2066
-3.404703405,51.171458999,29.536468411,STS,Website,3/8/2025,5504,5698,76990,59435,2839,1878
1.272430669,14.606247250,-15.391572971,STS,Offline-Inbound,5/20/2025,6208,6130,60803,71864,2605,2273
-16.908290595,23.498912862,13.813021703,STS,Renewal,1/13/2025,61728,74289,613566,539100,22152,17937
21.834496510,12.323000383,33.476692799,STS,Offline-Inbound,3/27/2025,6110,5015,78830,59059,2935,2613
-32.773204655,-21.714525257,-40.165477648,STS,Renewal,1/1/2025,23684,35230,141742,236890,7470,9542
9.131892267,-19.036869827,18.586116068,STS,Offline-Inbound,4/22/2025,9441,8651,69782,58845,1076,1329
-33.322358794,-24.428659666,-23.513087106,STS,Renewal,4/20/2025,54681,82008,525036,686439,14682,19428
6.777378815,73.403395311,-12.179917254,STS,Website,4/20/2025,9516,8912,31415,35772,2145,1237
39.975073999,-9.331318474,66.663194300,STS,Offline-Inbound,5/27/2025,8985,6419,79995,47998,2400,2647
16.410805028,-13.740562800,-18.995122568,STS,Renewal,1/19/2025,65289,56085,461373,569562,18852,21855
-22.628277555,-26.129507977,-9.048817519,STS,Renewal,5/9/2025,59577,77001,398961,438654,16530,22377
10.728811696,-25.375528657,-23.704193098,STS,Renewal,4/23/2025,60438,54582,512733,672033,15351,20571
32.187138370,-30.411255411,-16.488719262,STS,Website,5/18/2025,7996,6049,34572,41398,1929,2772
-41.849775785,-12.078431373,-17.015799375,STS,Website,3/2/2025,5187,8920,58669,70699,2242,2550
42.346480280,1.166028542,-16.926126214,STS,Renewal,5/16/2025,85536,60090,509247,613005,17439,17238
-5.074788962,-19.400971398,18.451986903,STS,Renewal,4/1/2025,57687,60771,595836,503019,17922,22236
38.174735671,64.140582098,-62.354794251,STS,Website,5/11/2025,9932,7188,32504,86343,2989,1821
25.770087823,-35.756897837,8.609196701,STS,Offline-Inbound,1/28/2025,9595,7629,57678,53106,1723,2682
4.630715123,-17.693588676,78.168209481,STS,Offline-Inbound,4/7/2025,5355,5118,76411,42887,1977,2402
-8.895560120,-16.023007395,-47.730405167,STS,Offline-Inbound,2/2/2025,5766,6329,45888,87791,1022,1217
8.089179409,18.462823726,-27.801088310,STS,Website,2/16/2025,9260,8567,44050,61012,1418,1197
35.664731700,45.820895522,22.526001564,STS,Website,1/14/2025,9582,7063,51717,42209,2931,2010
46.208251473,-38.515901060,-24.282000194,STS,Offline-Outbound-QNB,2/23/2025,7442,5090,62325,82312,1740,2830
-14.107823030,74.437443744,40.127970750,STS,Website,4/6/2025,5863,6826,58254,41572,1938,1111
19.746177676,-0.231061231,43.781838413,STS,Renewal,3/15/2025,71898,60042,496194,345102,18135,18177
-3.770205525,17.236398652,15.042382284,STS,Renewal,5/3/2025,64473,66999,466605,405594,21915,18693
11.067316209,7.089947090,-18.830815261,STS,Renewal,3/8/2025,75237,67740,442743,545457,18216,17010
5.314645847,8.365683230,22.383711890,STS,Renewal,1/26/2025,67176,63786,708330,578778,16749,15456
31.931897151,-48.342541436,-0.257323191,STS,Offline-Inbound,1/7/2025,7594,5756,61631,61790,1496,2896
26.422066781,-11.593341260,-9.128319520,STS,Offline-Inbound,2/28/2025,9579,7577,47256,52003,1487,1682
0.053387908,8.746144075,18.207951975,STS,Renewal,2/4/2025,67467,67431,671076,567708,17979,16533
-21.294859861,-38.544358312,-2.363548893,STS,Website,5/8/2025,7610,9669,62914,64437,1427,2322
9.888626392,144.435004248,-32.911565423,STS,Website,4/11/2025,9768,8889,34358,51213,2877,1177
82.681131344,-7.674199623,-29.407597627,STS,Website,2/10/2025,9430,5162,39860,56465,1961,2124
7.878511076,164.705882353,-55.118239406,STS,Website,1/29/2025,9448,8758,35567,79246,2835,1071
-10.901001112,122.637013503,60.962501775,STS,Website,4/10/2025,7209,8091,79369,49309,2803,1259
3.993759750,-49.307666329,129.643466494,STS,Website,2/23/2025,9999,9615,78065,33994,1501,2961
0,0,0,STS,Offline-Outbound-QNB,1/7/2025,7390,7390,33986,33986,1514,1514
-0.582689848,11.982300885,-18.550770179,STS,Renewal,5/28/2025,62958,63327,404349,496443,18981,16950
7.854563362,-5.470085470,5.244389082,STS,Renewal,3/31/2025,78846,73104,572841,544296,14931,15795
65.695970696,75.325803649,-45.106566933,STS,Website,4/24/2025,9047,5460,41904,76337,2018,1151
30.953578012,-49.543147208,23.239716901,STS,Website,2/2/2025,7814,5967,71219,57789,1491,2955
22.509969505,-7.737361282,-36.632530874,STS,Renewal,4/25/2025,78339,63945,425472,671436,17958,19464
10.370994941,70.398593200,20.690306841,STS,Offline-Outbound-QNB,2/12/2025,7854,7116,70249,58206,2907,1706
-33.039906103,23.790322581,4.073831367,STS,Offline-Inbound,5/29/2025,5705,8520,85761,82404,2456,1984
9.515059161,13.948919450,3.191164221,STS,Renewal,5/26/2025,73305,66936,516576,500601,19140,16797
-33.260500121,42.362637363,-45.793846208,STS,Offline-Inbound,3/4/2025,5498,8238,30601,56453,2591,1820
9.730022662,-22.228482885,0.115973403,STS,Renewal,4/8/2025,66819,60894,543858,543228,16563,21297
0.532881192,-58.763250883,4.130184005,STS,Website,4/18/2025,8301,8257,55063,52879,1167,2830
70.310602117,-4.163596168,26.203388123,STS,Website,2/7/2025,9815,5763,75168,59561,2601,2714
-20.567703953,-14.002732240,-26.215149142,STS,Renewal,2/6/2025,56667,71340,418245,566844,18885,21960
-5.182900711,9.696668324,-7.627002376,STS,Renewal,3/2/2025,66408,70038,504969,546663,19854,18099
30.456852792,-24.426807760,46.455053987,STS,Offline-Inbound,3/24/2025,9252,7092,45032,30748,1714,2268
-8.202256444,27.246708643,-7.194819455,STS,Renewal,4/7/2025,66882,72858,567951,611982,20007,15723
33.825429046,-12.019826518,-9.606204222,STS,Website,2/26/2025,7252,5419,52451,58025,2130,2421
-4.533823765,-3.186582809,29.439308440,STS,Renewal,3/19/2025,71634,75036,614517,474753,20781,21465
-0.080851637,3.319502075,-1.649066975,STS,Website,4/7/2025,7415,7421,54392,55304,1494,1446
-1.292233140,-4.664031621,-13.918380207,STS,Offline-Inbound,5/18/2025,7333,7429,62837,72997,2412,2530
-12.959096884,-37.372708758,24.400501323,STS,Renewal,3/9/2025,67542,77598,535992,430860,12915,20622
-28.567787971,-48.599269184,-54.797209513,STS,Website,1/17/2025,5606,7848,32009,70812,1266,2463
7.700662539,51.655629139,-41.147478295,STS,Website,3/9/2025,9916,9207,41554,70607,2748,1812
21.516815374,6.069266980,20.701864546,STS,Renewal,2/16/2025,74361,61194,622818,515997,18927,17844
-13.433865110,-7.888080936,72.598384274,STS,Renewal,5/14/2025,56487,65253,677478,392517,17481,18978
-5.811778103,-34.020002986,-26.647070100,STS,Renewal,1/2/2025,69477,73764,516555,704205,13260,20097
-3.597266881,4.584178499,21.037505161,STS,Website,4/9/2025,9594,9952,76227,62978,2578,2465
-2.460759494,33.350867964,106.692721055,STS,Website,2/5/2025,9632,9875,76158,36846,2535,1901
0.942170240,-55.341959335,9.216027292,STS,Website,3/17/2025,9321,9234,65309,59798,1208,2705
13.957816377,-46.582544690,20.249442128,STS,Website,3/6/2025,7348,6448,69515,57809,1524,2853
13.698066639,33.312731768,-48.413400454,STS,Website,2/14/2025,8292,7293,32075,62177,2157,1618
-13.514760148,54.042553191,31.067787736,STS,Renewal,4/27/2025,61875,71544,638346,487035,18462,11985
-31.731984829,-33.527019175,-37.679022149,STS,Offline-Inbound,4/16/2025,5400,7910,43950,70522,1144,1721
21.561659624,-32.617316590,-13.696164517,STS,Renewal,5/7/2025,75942,62472,520728,603366,12234,18156
5.820805773,-26.094470046,57.222715173,STS,Offline-Inbound,1/27/2025,8799,8315,53157,33810,1283,1736
66.987179487,10.740953475,-7.714868200,STS,Offline-Inbound,3/11/2025,8857,5304,77406,83877,1928,1741
-7.521905701,-3.757923332,11.245234755,STS,Renewal,4/18/2025,73140,79089,673215,605163,19131,19878
58.428753181,-58.598265896,23.787507513,STS,Website,1/25/2025,9962,6288,53548,43258,1146,2768
-20.484080003,23.232323232,-13.265297590,STS,Renewal,4/12/2025,68103,85647,622377,717564,21960,17820
-8.710372422,-1.572926597,-13.507545758,STS,Website,1/2/2025,8898,9747,47397,54799,2065,2098
-35.901749664,-33.975546499,44.142935755,STS,Offline-Inbound,3/10/2025,5715,8916,83822,58152,1782,2699
0.274122807,44.321093083,-10.862597152,STS,Website,4/2/2025,5487,5472,62849,70508,1690,1171
-5.313639843,-12.700865266,-12.979040985,STS,Renewal,2/21/2025,63081,66621,419763,482370,16950,19416
-0.845892076,-24.790381269,-12.302596737,STS,Renewal,5/21/2025,61188,61710,606075,691098,14262,18963
-11.237650933,-22.732321362,-39.697988557,STS,Website,4/22/2025,6469,7288,30669,50859,2087,2701
1.115822361,10.780728256,0.642379235,STS,Renewal,2/8/2025,67965,67215,509025,505776,20901,18867
-10.055802300,17.893710385,2.933187161,STS,Offline-Inbound,2/17/2025,7898,8781,84503,82095,2418,2051
3.854835909,-8.622908623,22.856838075,STS,Renewal,5/15/2025,71772,69108,656472,534339,17040,18648
-2.213177309,-10.149253731,21.976929196,STS,Offline-Inbound,2/1/2025,7688,7862,67463,55308,1806,2010
60.239776646,-22.360584732,14.219349626,STS,Offline-Inbound,3/3/2025,9757,6089,39585,34657,1434,1847
3.291888692,-58.728486126,-8.148066757,STS,Offline-Inbound,3/16/2025,8723,8445,75235,81909,1175,2847
3.039362232,-52.556237219,40.951630616,STS,Website,1/18/2025,6204,6021,59039,41886,1160,2445
1.314582696,-7.920110193,9.823646518,STS,Offline-Inbound,3/21/2025,9942,9813,62337,56761,1337,1452
57.201017812,-42.471590909,-20.612790015,STS,Website,1/31/2025,9267,5895,66278,83487,1215,2112
-14.571637784,58.765594222,-15.683038516,STS,Website,5/5/2025,7000,8194,72548,86042,2418,1523
-26.515151515,-56.488838441,9.212442780,STS,Offline-Inbound,5/5/2025,6596,8976,62985,57672,1150,2643
34.985182746,-19.068413392,38.692221413,STS,Website,1/28/2025,8199,6074,70482,50819,1112,1374
5.922173025,-19.124381755,9.444089378,STS,Renewal,2/27/2025,74637,70464,529137,483477,13245,16377
10.397998635,-37.406354947,9.132521062,STS,Renewal,1/6/2025,72813,65955,444177,407007,14538,23226
-3.459788824,48.773448773,-13.211366732,STS,Renewal,3/12/2025,69396,71883,412857,475704,21651,14553
16.229676285,12.196998846,29.949238579,STS,Website,2/17/2025,7935,6827,88064,67768,2916,2599
-38.598753492,37.121212121,-31.584994176,STS,Website,4/21/2025,5714,9306,42875,62669,2172,1584
-22.175195588,47.681770285,-40.453467204,STS,Offline-Inbound,1/6/2025,6068,7797,32382,54381,2803,1898
43.092898201,-5.116279070,-11.313438206,STS,Offline-Inbound,3/30/2025,7717,5393,44369,50029,2040,2150
-2.288053950,-4.923682915,33.189148777,STS,Offline-Outbound-QNB,2/17/2025,8114,8304,74823,56178,1931,2031
4.042243263,37.909090909,15.281357257,STS,Renewal,5/6/2025,77139,74142,566292,491226,18204,13200
-10.130854950,38.907422852,-12.713152897,STS,Renewal,3/23/2025,58308,64881,511521,586023,19986,14388
-21.182418489,15.157894737,-6.120283019,STS,Offline-Inbound,2/21/2025,7639,9692,39805,42400,2188,1900
8.248549567,33.344839489,-16.277505242,STS,Renewal,1/29/2025,77244,71358,511485,610929,23178,17382
-7.372654155,-56.289660321,98.859075649,STS,Offline-Inbound,1/14/2025,8983,9698,78782,39617,1171,2679
24.334875651,-6.295585413,-14.005300646,STS,Offline-Inbound,3/26/2025,8599,6916,62298,72444,2441,2605
-1.576082541,12.328319163,23.619406188,STS,Renewal,1/14/2025,72690,73854,604803,489246,20610,18348
-5.210514073,-42.571527060,91.222268514,STS,Offline-Outbound-QNB,2/20/2025,8150,8598,73437,38404,1666,2901
6.487148103,-12.930547713,105.336772850,STS,Website,2/3/2025,9570,8987,86763,42254,1542,1771
-42.214802449,-6.849315068,60.570944666,STS,Offline-Inbound,4/25/2025,5192,8985,72053,44873,1428,1533
-19.201010580,19.789579158,-12.163771949,STS,Offline-Inbound,1/4/2025,5117,6333,73735,83946,2391,1996
27.733771252,-27.991175707,-26.782923564,STS,Renewal,1/20/2025,79338,62112,372456,508701,16647,23118
18.033125226,-25.773786779,25.002978200,STS,Renewal,1/8/2025,68628,58143,566631,453294,11655,15702
4.567167657,14.385964912,-15.769281131,STS,Offline-Inbound,2/9/2025,8975,8583,64327,76370,1956,1710
78.556222179,-8.441558442,12.638205149,STS,Offline-Outbound-QNB,2/7/2025,9226,5167,41871,37173,1128,1232
2.162539240,50.264550265,72.227517514,STS,Website,1/7/2025,5858,5734,72277,41966,2272,1512
-23.377680277,30.217028381,6.685856277,STS,Renewal,5/31/2025,64965,84786,674931,632634,21060,16173
-3.747340861,-4.205446398,-36.550302784,STS,Website,1/15/2025,5882,6111,49874,78604,2779,2901
10.980945660,-59.586257850,-50.532888930,STS,Offline-Outbound-QNB,1/24/2025,7863,7085,37549,75907,1094,2707
31.926605505,17.090331366,-2.728999795,STS,Renewal,4/24/2025,79809,60495,454668,467424,15477,13218
-4.750569240,-9.997159898,-0.683967009,STS,Renewal,1/28/2025,55218,57972,592440,596520,19014,21126
-10.836265783,-36.25,12.776669516,STS,Offline-Inbound,5/31/2025,8615,9662,59360,52635,1734,2720
-31.392527899,1.640091116,-49.303123638,STS,Website,1/12/2025,5656,8244,36047,71103,2231,2195
31.129296236,24.500525762,51.941933717,STS,Website,1/8/2025,8012,6110,55474,36510,2368,1902
-20.858806405,-10.964332893,-18.273475582,STS,Website,5/31/2025,5437,6870,71089,86984,1348,1514
-16.715233932,-23.465600914,-7.287801555,STS,Renewal,3/1/2025,61734,74124,457251,493194,16086,21018
-13.898073196,-4.394904459,-46.933373771,STS,Offline-Inbound,2/8/2025,7552,8771,38494,72539,1501,1570
11.714616819,-19.248493442,33.802865912,STS,Renewal,4/2/2025,66516,59541,576780,431067,13668,16926
-3.384514559,17.579570688,-17.188880073,STS,Renewal,2/17/2025,61917,64086,497853,601191,19062,16212
18.109617734,6.749884420,7.239770663,STS,Renewal,2/10/2025,81198,68748,632394,589701,20781,19467
-42.430881586,-4.303908652,-1.777546985,STS,Website,5/30/2025,5518,9585,49179,50069,2179,2277
21.216535235,8.017094017,-11.730560937,STS,Renewal,3/13/2025,72399,59727,347169,393306,18957,17550
12.711267606,-0.277460421,18.626092196,STS,Renewal,1/3/2025,76824,68160,590580,497850,18330,18381
-33.110908907,69.109075770,12.395787626,STS,Website,1/22/2025,6616,9891,51230,45580,2031,1201
15.420129271,-6.165048544,45.202787616,STS,Offline-Inbound,1/26/2025,7500,6498,63548,43765,1933,2060
31.488778482,43.357142857,-49.974998864,STS,Offline-Inbound,1/5/2025,7675,5837,44020,87996,2007,1400
-2.974547685,-6.883116883,34.464309305,STS,Offline-Inbound,1/21/2025,6328,6522,61071,45418,1434,1540
12.322495867,42.660361842,49.942130791,STS,Renewal,2/3/2025,79494,70773,672378,448425,20817,14592
-17.308635918,83.108643933,-24.361393902,STS,Offline-Inbound,4/15/2025,6741,8152,56912,75242,2309,1261
-18.786775007,26.974310181,-28.908803105,STS,Website,3/22/2025,5797,7138,55690,78336,2669,2102
13.609932422,22.513303316,-11.034118339,STS,Website,3/18/2025,7229,6363,74081,83269,2993,2443
-1.913552454,72.661870504,-52.650338846,STS,Offline-Inbound,6/2/2025,8714,8884,30952,65369,2400,1390
16.969200141,-21.390194762,-11.201442236,STS,Offline-Outbound-QNB,2/27/2025,9988,8539,77332,87087,2341,2978
-36.344062870,-3.952299830,18.429710097,STS,Offline-Inbound,5/9/2025,5913,9289,53638,45291,2819,2935
4.218030596,23.473945409,102.870381661,STS,Offline-Inbound,2/10/2025,7017,6733,83187,41005,2488,2015
29.369075829,-38.097826087,-1.519252375,STS,Offline-Inbound,2/24/2025,8735,6752,38569,39164,1139,1840
2.770476970,11.662837957,-2.650435745,STS,Renewal,4/30/2025,71556,69627,527805,542175,18957,16977
16.947672832,17.453977075,14.100116634,STS,Renewal,1/7/2025,64299,54981,654468,573591,20289,17274
-33.696651346,71.361502347,94.438278847,STS,Offline-Inbound,3/23/2025,5049,7615,61320,31537,2555,1491
9.412486749,-3.325876212,32.213721279,STS,Renewal,3/14/2025,58830,53769,663069,501513,19446,20115
21.066178573,11.203252033,29.996017823,STS,Renewal,1/17/2025,63498,52449,724707,557484,20517,18450
-20.800707249,28.777670837,124.361267246,STS,Offline-Inbound,1/20/2025,6271,7918,70252,31312,1338,1039
2.079138580,-30.403537866,-28.550727271,STS,Renewal,5/5/2025,69963,68538,471861,660414,11331,16281
-1.266439357,-37.575327898,-16.496397462,STS,Offline-Inbound,1/23/2025,6081,6159,69885,83691,1761,2821
-11.182641869,25.319926874,-54.304802572,STS,Website,4/8/2025,7450,8388,38097,83372,2742,2188
28.921919771,102.154828412,18.127741228,STS,Website,4/1/2025,7199,5584,43093,36480,2533,1253
-23.439266424,-51.980568012,19.463803350,STS,Website,4/5/2025,6095,7961,88451,74040,1285,2676
15.409549931,24.932371506,51.994425519,STS,Offline-Inbound,5/25/2025,9257,8021,49079,32290,2771,2218
1.287208367,-3.929173693,29.322372052,STS,Renewal,4/26/2025,64209,63393,548376,424038,17091,17790
-24.435464702,-14.335060449,-43.639483342,STS,Website,3/10/2025,6358,8414,47300,83924,1984,2316
-4.216073781,23.570800352,-42.735558236,STS,Offline-Inbound,3/20/2025,7997,8349,42725,74610,1405,1137
11.461279461,10.945529291,84.508337164,STS,Website,4/3/2025,8276,7425,88302,47858,2159,1946
-44.328691400,-11.751563896,-20.114211757,STS,Offline-Inbound,1/16/2025,5237,9407,70365,88082,1975,2238
10.338766379,-55.354131535,-58.129571223,STS,Website,3/4/2025,6905,6258,37039,88461,1059,2372
-21.802451334,84.865366760,100.224940606,STS,Offline-Inbound,1/9/2025,5423,6935,79221,39566,1991,1077
-7.984442919,-12.093533065,-8.787861931,STS,Offline-Outbound-QNB,2/19/2025,8044,8742,65587,71906,2406,2737
23.588420751,-59.029759478,94.866902312,STS,Website,4/17/2025,8624,6978,62297,31969,1005,2453
5.959736895,-21.091354997,18.912908855,STS,Offline-Outbound-QNB,2/21/2025,5316,5017,84490,71052,1287,1631
-15.857734991,18.355640535,-26.367065466,STS,Website,3/7/2025,6293,7479,63638,86426,1238,1046
0.357761108,29.832239241,52.259859666,STS,Website,3/11/2025,8696,8665,62929,41330,1780,1371
34.312765263,18.990073371,-54.818671655,STS,Website,5/25/2025,8228,6126,32367,71638,2757,2317
-17.866077999,12.927284027,33.294207115,STS,Offline-Inbound,4/27/2025,5581,6795,80627,60488,1817,1609
30.127928705,-47.082494970,-1.341278850,STS,Offline-Inbound,1/22/2025,9053,6957,52151,52860,1315,2485
39.907926917,-41.307634165,83.374047395,STS,Website,4/4/2025,9725,6951,87827,47895,1553,2646
-11.802738337,-41.521841240,30.795142573,STS,Offline-Inbound,5/3/2025,6957,7888,77657,59373,1245,2129
15.525235130,31.304347826,42.720170455,STS,Renewal,1/5/2025,78489,67941,518451,363264,20385,15525
26.443808533,-63.712200209,-47.578995226,STS,Offline-Inbound,1/29/2025,9721,7688,41508,79182,1044,2877
13.725195430,-30.239200286,74.525674500,STS,Website,2/8/2025,7565,6652,80212,45960,1954,2801
-13.171428571,-21.935711763,-3.205267445,STS,Offline-Inbound,4/14/2025,6078,7000,71299,73660,2210,2831
-6.182073156,-36.099029776,46.336224701,STS,Website,1/6/2025,8028,8557,53142,36315,1910,2989
6.916537867,-31.156812339,15.751734414,STS,Offline-Inbound,2/23/2025,8301,7764,49720,42954,1339,1945
32.425701478,-39.969293756,-48.537731326,STS,Website,5/29/2025,7976,6023,42936,83432,1173,1954
-16.309969306,24.915381722,-8.874371128,STS,Renewal,2/28/2025,59712,71349,525999,577224,19929,15954
-17.799392097,-37.277777778,140.098369143,STS,Offline-Inbound,2/25/2025,6761,8225,83475,34767,1129,1800
-48.223819302,22.691082803,-7.477792800,STS,Offline-Outbound-QNB,1/17/2025,5043,9740,73223,79141,1541,1256
-11.590402517,-35.889570552,34.760946929,STS,Offline-Inbound,5/8/2025,6743,7627,43548,32315,1881,2934
36.043669545,58.294778586,-13.480581631,STS,Offline-Inbound,3/9/2025,8349,6137,70509,81495,2395,1513
80.076923077,-38.135593220,52.469855215,STS,Website,2/4/2025,9364,5200,68029,44618,1241,2006
-13.578896183,-2.013677812,-30.989183593,STS,Website,5/16/2025,7109,8226,57996,84039,2579,2632
-4.674309073,-8.067407673,-6.230596887,STS,Renewal,2/9/2025,64362,67518,559989,597198,15384,16734
-21.454854232,-21.654593976,5.671156769,STS,Website,4/15/2025,5550,7066,60483,57237,2055,2623
63.081617086,51.626256653,-49.856787812,STS,Website,1/9/2025,8552,5244,44992,89727,2564,1691
-3.593809950,-63.579820318,16.1575,STS,Website,3/21/2025,7538,7819,46463,40000,1054,2894
-10.577328276,-49.957662997,89.666893270,STS,Website,2/22/2025,6366,7119,58590,30891,1182,2362
-10.680188205,-2.704007726,-11.012875579,STS,Renewal,3/7/2025,58659,65673,542607,609759,24180,24852
18.770825620,-30.389363723,2.297536993,STS,Website,2/6/2025,9624,8103,85933,84003,1466,2106
1.2,-11.535881958,-14.799348857,STS,Offline-Outbound-QNB,3/3/2025,8349,8250,60190,70645,2638,2982
-3.174186779,-52.278589854,29.312525740,STS,Website,2/18/2025,7382,7624,87917,67988,1110,2326
-9.968484848,-0.578285384,1.620559744,STS,Renewal,1/18/2025,55707,61875,585057,575727,20631,20751
-19.704641350,-21.958568738,23.158894595,STS,Offline-Outbound-QNB,2/18/2025,7612,9480,82982,67378,2072,2655
11.537917040,-16.653786708,-25.779703147,STS,Renewal,4/9/2025,70908,63573,466695,628797,12942,15528
57.731755424,-52.085070892,-9.358682889,STS,Website,1/10/2025,7997,5070,36281,40027,1149,2398
-10.549177785,7.628757251,11.008505799,STS,Renewal,3/21/2025,51894,58014,489018,440523,18369,17067
65.430418510,117.277070064,52.887574318,STS,Offline-Inbound,2/15/2025,9724,5878,51173,33471,2729,1256
-22.089947090,-27.580299786,-47.033718082,STS,Website,1/4/2025,7068,9072,36114,68183,1691,2335
-49.253132832,6.275579809,-0.812333552,STS,Offline-Inbound,5/28/2025,5062,9975,74116,74723,2337,2199
-26.777673055,-13.151840491,11.377479445,STS,Website,1/24/2025,6992,9549,62720,56313,2265,2608
13.171156313,-12.603192075,-30.098000853,STS,Renewal,2/12/2025,74109,65484,476970,682341,14292,16353
8.162745697,-2.435312024,18.141492552,STS,Renewal,2/5/2025,63723,58914,562500,476124,17307,17739
-9.185648355,36.570622607,-20.994893457,STS,Renewal,3/3/2025,54900,60453,416334,526971,20334,14889
-5.823446174,113.317191283,-23.461348721,STS,Website,3/26/2025,8652,9187,51199,66893,2643,1239
27.157672702,17.425825324,122.051874409,STS,Offline-Inbound,1/8/2025,7234,5689,84584,38092,2810,2393
18.669155887,11.157768446,-1.650071124,STS,Website,5/1/2025,8899,7499,38027,38665,1853,1667
35.234121465,91.019644528,68.009081038,STS,Website,5/28/2025,8751,6471,51063,30393,2042,1069
7.755648191,-5.057675244,-33.253594573,STS,Renewal,3/5/2025,62814,58293,474615,711072,19260,20286
5.017584994,-11.235955056,-46.168902009,STS,Website,4/13/2025,8958,8530,33554,62332,2212,2492
19.084155401,-3.322395406,65.154185895,STS,Website,4/26/2025,9778,8211,83388,50491,2357,2438
-41.316826111,-23.892236795,-15.054458187,STS,Offline-Inbound,5/7/2025,5214,8885,73624,86672,2147,2821
-36.816600398,75.882794891,10.752968811,STS,Offline-Inbound,5/6/2025,5085,8048,84870,76630,2341,1331
-17.981888745,-24.180911681,1.522236953,STS,Offline-Outbound-QNB,2/6/2025,6974,8503,84233,82970,2129,2808
8.847362328,27.651792246,24.960695713,STS,Renewal,2/14/2025,78984,72564,681963,545742,20940,16404
15.913508260,0.844277674,-16.346356655,STS,Offline-Inbound,4/3/2025,9542,8232,67424,80599,2150,2132
1.349923700,18.883928571,-15.866584875,STS,Offline-Outbound-QNB,2/14/2025,8634,8519,58975,70097,2663,2240
59.141791045,-34.769417476,103.594802465,STS,Offline-Inbound,5/4/2025,8530,5360,85237,41866,1075,1648
-3.958214315,3.929916489,-0.331363590,STS,Renewal,4/17/2025,70608,73518,562164,564033,19041,18321
-10.381865995,-17.786610359,34.614037721,STS,Renewal,4/13/2025,72588,80997,645792,479736,19857,24153
-6.325814536,-2.866861030,51.239761727,STS,Website,5/14/2025,9344,9975,81246,53720,1999,2058
-38.469612680,8.156529939,-18.538889608,STS,Offline-Inbound,5/14/2025,5862,9527,50356,61816,2294,2121
-0.146293888,-59.639909977,105.668739040,STS,Website,2/27/2025,6143,6152,64508,31365,1076,2666
-29.815121413,4.642313546,-32.026744548,STS,Offline-Inbound,1/18/2025,5087,7248,45850,67453,1375,1314
-6.969821392,69.366799772,0.006471131,STS,Website,3/16/2025,9063,9742,61817,61813,2969,1753
-16.937294223,-19.297193572,4.240520734,STS,Renewal,3/22/2025,66603,80184,687018,659070,20187,25014
-48.418734988,-27.476415094,36.247151395,STS,Website,2/28/2025,5154,9992,63374,46514,1845,2544
80.520771218,12.708333333,-37.691688812,STS,Offline-Outbound-QNB,1/3/2025,9082,5031,51114,82034,1623,1440
-13.510971787,-11.619537275,-20.170768716,STS,Renewal,2/19/2025,57939,66990,465600,583245,15471,17505
-8.927193208,5.555555556,-22.518586046,STS,Offline-Inbound,2/26/2025,7080,7774,49296,63623,2166,2052
-41.243294415,-19.184928874,-28.029834755,STS,Offline-Outbound-QNB,1/16/2025,5586,9507,52395,72801,2102,2601
6.507879225,55.806451613,22.399229726,STS,Offline-Inbound,5/24/2025,8854,8313,55934,45698,1932,1240
-9.692942255,-22.197055493,104.386329403,STS,Offline-Outbound-QNB,1/18/2025,7882,8728,78701,38506,2061,2649
-5.305861001,-5.349048051,-8.072964318,STS,Offline-Inbound,4/2/2025,8870,9367,80381,87440,1044,1103
16.399437412,92.377796189,-14.687210686,STS,Offline-Inbound,5/12/2025,8276,7110,51604,60488,2322,1207
-32.580341536,-6.134706135,13.389689962,STS,Website,4/25/2025,5014,7437,49227,43414,2188,2331
24.751243781,96.626180837,-16.671632896,STS,Website,5/9/2025,8024,6432,44744,53696,2914,1482
66.005176877,70.978552279,36.633546250,STS,Website,3/1/2025,9620,5795,46204,33816,2551,1492
-34.074713885,-30.352303523,41.949424420,STS,Offline-Inbound,4/30/2025,6106,9262,75219,52990,1285,1845
-26.146825397,-40.584463993,-5.179114764,STS,Renewal,2/2/2025,55833,75600,606756,639897,11955,20121
62.251894623,-11.314741036,0.259743829,STS,Offline-Inbound,1/25/2025,8992,5542,72953,72764,2226,2510
-33.821777460,87.403598972,-51.705841515,STS,Website,5/20/2025,5555,8394,38956,80664,2916,1556
-3.696140494,-1.057895749,-18.119131762,STS,Renewal,1/21/2025,56592,58764,469875,573852,15432,15597
-18.101430429,57.266666667,-37.578463335,STS,Website,3/30/2025,6298,7690,51313,82204,2359,1500
-21.866552852,-33.910341767,69.347273241,STS,Offline-Inbound,3/12/2025,5492,7029,59932,35390,1489,2253
-1.469069207,-55.052739027,25.348444319,STS,Offline-Inbound,3/22/2025,8585,8713,71228,56824,1321,2939
9.021729568,7.608869038,-1.025918648,STS,Renewal,1/25/2025,74355,68202,444261,448866,20238,18807
-6.371278184,18.101851852,-24.094925476,STS,Renewal,2/1/2025,71508,76374,477282,628788,15306,12960
0.260126347,-4.391080617,-21.526243506,STS,Offline-Inbound,5/26/2025,5396,5382,39426,50241,2787,2915
-11.977049964,-11.680739847,20.016168229,STS,Renewal,3/25/2025,55230,62745,721512,601179,13179,14922
2.873345936,7.067287347,-33.730046747,STS,Website,3/31/2025,5442,5290,54012,81503,2530,2363
-29.643810187,19.722991690,-10.543134858,STS,Offline-Outbound-QNB,1/31/2025,6064,8619,73903,82613,2161,1805
32.318816210,1.756885090,-27.377417543,STS,Offline-Inbound,2/7/2025,7869,5947,36198,49844,2143,2106
2.596103844,-16.902927581,-28.450196852,STS,Renewal,4/22/2025,76944,74997,487413,681222,16179,19470
-39.149628253,-51.966682092,5.048888889,STS,Offline-Inbound,4/17/2025,5238,8608,64999,61875,1038,2161
3.517816528,101.008249313,0.704342830,STS,Offline-Inbound,2/19/2025,6827,6595,54331,53951,2193,1091
14.867641726,17.632241814,167.475061774,STS,Offline-Inbound,5/15/2025,9503,8273,87681,32781,2802,2382
-18.352105779,56.722354813,-45.910526316,STS,Offline-Inbound,2/6/2025,6669,8168,41108,76000,1970,1257
-23.358640324,-14.378992193,4.538633426,STS,Renewal,3/4/2025,53301,69546,572625,547764,18096,21135
24.972587719,42.237762238,-13.096691791,STS,Offline-Inbound,2/14/2025,9118,7296,61916,71247,2034,1430
4.247104247,35.594639866,85.933532383,STS,Offline-Inbound,3/17/2025,5670,5439,66633,35837,1619,1194
-31.087179487,175.810936052,68.881872552,STS,Website,5/4/2025,6719,9750,55628,32939,2976,1079
-26.292260408,-41.126620140,-40.439265238,STS,Website,4/27/2025,5276,7158,47891,80407,1181,2006
-29.218714513,-15.894602635,-1.330863419,STS,Offline-Inbound,1/2/2025,6233,8806,75103,76116,1979,2353
32.885229373,15.304240934,76.432434809,STS,Website,4/14/2025,7908,5951,80245,45482,1876,1627
-7.883774214,-63.888888889,34.500188371,STS,Website,2/12/2025,8845,9602,85682,63704,1066,2952
-22.246663734,-19.868995633,59.875527426,STS,Offline-Outbound-QNB,1/4/2025,5302,6819,75781,47400,1101,1374
-6.013048845,-3.638409602,26.371098778,STS,Renewal,1/31/2025,63960,68052,718632,568668,15414,15996
54.932866316,-32.758037225,-50.536502547,STS,Offline-Inbound,3/19/2025,7962,5139,43701,88350,1987,2955
-37.416232316,-31.066536204,-12.502338343,STS,Offline-Inbound,2/18/2025,5043,8058,56128,64148,1409,2044
8.852606351,-3.832547170,37.990850172,STS,Website,1/11/2025,7267,6676,86868,62952,1631,1696
19.466337898,5.704127377,24.222703034,STS,Renewal,5/8/2025,81396,68133,656235,528273,20514,19407
-25.097603919,5.429594272,5.083855230,STS,Renewal,4/15/2025,58707,78378,672006,639495,21204,20112
34.782115297,13.494480396,-7.061757957,STS,Renewal,5/11/2025,71262,52872,558912,601380,17889,15762
35.629059055,-40.459446789,-39.559389382,STS,Website,4/28/2025,8980,6621,48066,79526,1270,2133
29.325650210,-9.123434705,-34.802201254,STS,Offline-Outbound-QNB,3/5/2025,8304,6421,47745,73231,1016,1118
24.758798750,74.692442882,0.915003986,STS,Offline-Inbound,1/12/2025,9181,7359,87349,86557,2982,1707
-2.971781706,-16.232558140,-12.191678858,STS,Renewal,4/21/2025,64059,66021,410532,467532,21612,25800
-15.954925361,3.402938902,4.903741004,STS,Renewal,4/14/2025,60636,72147,618738,589815,20055,19395
-8.626399622,-19.558359621,-43.287994535,STS,Offline-Outbound-QNB,2/24/2025,5794,6341,45656,80505,1785,2219
-13.661067194,-0.657706606,-37.578438578,STS,Renewal,4/6/2025,62910,72864,397503,636804,20844,20982
19.879214897,-57.093545047,-30.752377572,STS,Website,2/13/2025,9528,7948,56576,81701,1243,2897
-21.524315941,19.810040706,-34.632277357,STS,Website,3/12/2025,7084,9027,41970,64206,2649,2211
-33.428165007,42.444950645,-12.706774839,STS,Offline-Outbound-QNB,2/28/2025,6552,9842,74565,85419,1876,1317
1.725025747,-9.296482412,-41.278614475,STS,Website,4/19/2025,7902,7768,51740,88111,1444,1592
-22.446783066,-20.841750842,57.345295992,STS,Offline-Inbound,4/8/2025,6485,8362,56295,35778,2351,2970
5.547681717,11.488115742,-2.131487415,STS,Renewal,4/10/2025,78195,74085,514071,525267,19419,17418
-40.043379467,4.364770070,8.513806352,STS,Offline-Inbound,4/18/2025,5805,9682,81623,75219,1339,1283
23.615129112,24.706772607,-2.327036420,STS,Renewal,4/3/2025,69222,55998,557319,570597,19776,15858
49.437359340,-43.394575678,20.317435557,STS,Website,5/6/2025,7968,5332,61706,51286,1294,2286
41.845366909,-28.986116954,-38.714272149,STS,Offline-Outbound-QNB,3/10/2025,7210,5083,32270,52655,1688,2377
-3.349741866,4.351648352,57.024294016,STS,Offline-Outbound-QNB,3/14/2025,8050,8329,88356,56269,2374,2275
-41.254270914,14.223968566,29.509371555,STS,Offline-Inbound,4/23/2025,5330,9073,46986,36280,2907,2545
5.637910085,-29.970866715,2.434508632,STS,Renewal,6/3/2025,8694,8230,63072,61573,1923,2746
-9.693413392,19.359595534,-33.048080267,STS,Renewal,6/1/2025,59559,65952,473646,707442,16998,14241
0.927256106,-16.448032291,-46.905630413,STS,Offline-Outbound-QNB,3/6/2025,7728,7657,42793,80598,2484,2973
18.580908627,14.184731385,0.376044310,STS,Website,1/1/2025,9292,7836,54186,53983,2423,2122
-19.149889967,64.380530973,-49.077971417,STS,Renewal,1/22/2025,59517,73614,379998,746235,17832,10848
9.384069655,-27.396694215,54.665199810,STS,Website,5/15/2025,6784,6202,52017,33632,1757,2420
-12.516756674,-15.909090909,-20.877776899,STS,Renewal,4/29/2025,68523,78327,390105,493041,18204,21648
9.381708132,1.070224307,2.512034015,STS,Renewal,1/24/2025,124332,113668,1153408,1125144,27576,27284
24.015990160,-61.682573347,101.379071194,STS,Website,5/21/2025,8066,6504,75495,37489,1084,2829
-8.928571429,91.623424759,-7.731902444,STS,Website,5/3/2025,5049,5544,76004,82373,2585,1349
0.528293027,69.835466179,18.721441221,STS,Website,5/24/2025,8563,8518,54302,45739,1858,1094
0.160919540,46.501614639,-51.842434105,STS,Offline-Inbound,3/25/2025,8714,8700,33143,68822,2722,1858
77.228292122,-13.361388743,-51.740020471,STS,Offline-Inbound,3/8/2025,9246,5217,36777,76206,1647,1901
35.139603233,-39.128907622,-4.742288027,STS,Website,6/1/2025,7357,5444,39310,41267,1733,2847
-24.152655458,3.597650514,89.124961621,STS,Offline-Inbound,3/6/2025,5684,7494,61598,32570,1411,1362
5.740281224,-9.785202864,-58.296027399,STS,Offline-Inbound,4/29/2025,6392,6045,32512,77959,2646,2933
-36.188096320,-6.252658443,53.433548186,STS,Offline-Inbound,2/4/2025,5618,8804,68795,44837,2204,2351
67.855735120,-21.120515921,2.920465496,STS,Offline-Inbound,4/13/2025,8517,5074,83310,80946,1957,2481
-10.641734986,-10.438946528,3.109916840,STS,Renewal,2/15/2025,66378,74283,485790,471138,16833,18795
-41.303590101,25.808133472,-32.795781761,STS,Offline-Outbound-QNB,1/14/2025,5052,8607,39256,58413,2413,1918
-26.648626979,59.435736677,-30.384015665,STS,Website,5/27/2025,7319,9978,38396,55154,2543,1595
-3.454341916,27.649033083,6.538865243,STS,Renewal,2/7/2025,72444,75036,554196,520182,23961,18771
-32.385922061,-4.482758621,-22.234247234,STS,Offline-Outbound-QNB,1/15/2025,6090,9007,32335,41580,2770,2900
1.317073171,-16.072047108,-47.347523048,STS,Website,2/21/2025,6231,6150,30897,58681,2423,2887
20.118440533,-28.783783784,34.996776498,STS,Website,2/20/2025,7302,6079,77476,57391,1054,1480
-22.076427256,11.906816221,-10.936554512,STS,Offline-Inbound,5/21/2025,6770,8688,78008,87587,2594,2318
-2.363275123,-31.646655232,51.551734408,STS,Website,2/15/2025,9337,9563,76326,50363,1594,2332
16.113965437,-7.824143070,-1.253621017,STS,Offline-Inbound,4/5/2025,9944,8564,79084,80088,1237,1342
-14.698537281,27.758318739,25.320618712,STS,Website,1/16/2025,7173,8409,83451,66590,1459,1142
8.998818166,44.517543860,29.640038021,STS,Offline-Inbound,3/31/2025,6456,5923,62738,48394,1977,1368
-29.175365344,-26.111458986,-45.028013259,STS,Offline-Inbound,2/12/2025,6785,9580,37481,68182,1180,1597
-3.113529933,3.690260133,-30.823692321,STS,Renewal,5/20/2025,68895,71109,371676,537288,20568,19836
29.042725798,0.524564995,54.625662121,STS,Renewal,3/29/2025,78738,61017,568356,367569,23571,23448
2.391570693,-30.583680762,24.558073318,STS,Renewal,1/30/2025,62679,61215,598443,480453,13986,20148
2.767595308,-24.472333143,68.986422482,STS,Website,1/27/2025,5607,5456,80277,47505,1324,1753
17.083073079,88.448393712,-46.396009422,STS,Offline-Outbound-QNB,2/15/2025,7498,6404,38686,72170,2757,1463
7.217272427,2.422774076,-42.632133164,STS,Renewal,2/25/2025,68232,63639,348126,606831,15219,14859
20.373495944,-1.226993865,2.515923422,STS,Renewal,3/18/2025,66327,55101,676479,659877,14007,14181
3.203040174,32.054616385,-9.052447077,STS,Offline-Inbound,5/1/2025,5703,5526,60190,66181,2031,1538
16.020008111,73.100303951,100.810014728,STS,Offline-Inbound,3/14/2025,8582,7397,76356,38024,2278,1316
5.352636472,49.837345478,8.405037114,STS,Offline-Inbound,3/29/2025,7932,7529,88065,81237,2303,1537
-8.387639268,16.122448980,10.443429441,STS,Offline-Outbound-QNB,2/3/2025,8716,9514,46426,42036,1707,1470
44.156414763,-16.986410871,24.438481602,STS,Offline-Inbound,1/24/2025,9843,6828,66317,53293,2077,2502
-11.544129687,27.695417790,-14.570345619,STS,Website,3/27/2025,5402,6107,34259,40102,1895,1484
45.716814159,-7.082494970,-13.041245473,STS,Website,5/26/2025,8233,5650,64346,73996,2309,2485
14.069990412,-20.227880152,-12.345981694,STS,Renewal,5/25/2025,71385,62580,418299,477216,17013,21327
-18.934115634,20.719674985,-19.010592743,STS,Website,4/23/2025,6632,8181,43122,53244,2080,1723
-4.861976848,7.833603458,54.957599478,STS,Offline-Outbound-QNB,2/4/2025,5342,5615,71265,45990,1996,1851
-23.408730432,14.478244128,-18.286315483,STS,Renewal,4/19/2025,66639,87006,438045,536073,17838,15582
-15.139655599,45.159180113,-26.275134419,STS,Renewal,3/11/2025,61797,72822,480462,651696,19971,13758
12.230783513,4.975993016,4.248752298,STS,Renewal,5/23/2025,72537,64632,619125,593892,14430,13746
-38.255370408,58.661417323,0.207796307,STS,Offline-Inbound,3/2/2025,6151,9962,38097,38018,2015,1270
-22.681800693,-0.778573653,-4.209291687,STS,Renewal,1/27/2025,60285,77970,590475,616422,19116,19266
-36.638794017,-3.202134757,51.372655613,STS,Website,5/22/2025,5380,8491,72397,47827,1451,1499
56.081452944,3.107541899,25.442903720,STS,Offline-Inbound,1/15/2025,8508,5451,63868,50914,2953,2864
18.904680225,-28.607340372,-17.367861629,STS,Offline-Inbound,2/5/2025,9705,8162,42758,51745,1420,1989
58.863971190,66.741573034,15.638363912,STS,Website,4/16/2025,9705,6109,67061,57992,2968,1780
3.004646360,117.931034483,-15.773067332,STS,Website,2/25/2025,9976,9685,31073,36892,2212,1015
-5.663289536,-2.131258457,-4.041698433,STS,Renewal,3/16/2025,71511,75804,532416,554841,17358,17736
64.245345745,-23.291416074,3.378782355,STS,Offline-Inbound,4/6/2025,9881,6016,70892,68575,1403,1829
-33.557666931,-14.142139268,27.474384705,STS,Website,3/25/2025,5035,7578,72408,56802,2392,2786
7.191379714,-11.866913124,-21.302029910,STS,Offline-Inbound,4/9/2025,9152,8538,62147,78969,2384,2705
-5.741471150,-17.446067265,22.625990843,STS,Renewal,4/28/2025,69543,73779,481269,392469,18483,22389
-4.009848751,4.265828469,68.421052632,STS,Offline-Inbound,2/11/2025,5458,5686,87168,51756,2322,2227
5.009652987,-11.713191024,-34.002019809,STS,Renewal,3/17/2025,63639,60603,417591,632733,19356,21924
-14.671088999,-10.728542914,-37.234505510,STS,Website,4/29/2025,7718,9045,44711,71235,1789,2004
-5.190952911,-31.090320259,41.168094727,STS,Offline-Inbound,1/3/2025,5114,5394,56511,40031,1915,2779
-21.954484605,-20.098039216,-1.399300924,STS,Offline-Inbound,4/28/2025,6996,8964,85755,86972,1304,1632
-12.342569270,-9.146341463,117.087415736,STS,Offline-Inbound,2/20/2025,7656,8734,79543,36641,2235,2460
-34.844893332,-51.490066225,-13.576873622,STS,Website,2/11/2025,6322,9703,37639,43552,1172,2416
92.074001947,-39.449541284,96.634145052,STS,Website,1/23/2025,9863,5135,74369,37821,1518,2507
-26.200935242,-10.313075506,-41.608285461,STS,Website,5/7/2025,5208,7057,50009,85644,2435,2715
-16.650898770,8.409279205,-17.709898953,STS,Website,3/23/2025,7929,9513,71176,86494,2617,2414
0.964134207,7.700592353,70.011523994,STS,Offline-Inbound,5/10/2025,5236,5186,78190,45991,2000,1857
-25.705193114,105.990338164,-53.033382450,STS,Offline-Outbound-QNB,3/12/2025,5136,6913,36974,78724,2132,1035
-5.856037401,26.739261948,-0.887150314,STS,Renewal,1/12/2025,70077,74436,456825,460914,18855,14877
12.578866093,-23.261216785,-14.105542819,STS,Renewal,5/29/2025,76548,67995,502413,584919,15855,20661
-27.216380742,114.398280802,50.327784255,STS,Offline-Inbound,5/22/2025,6576,9035,78653,52321,2993,1396
-37.676705593,-45.418796697,34.400716080,STS,Website,3/19/2025,5070,8135,46547,34633,1388,2543
37.727496311,-39.602587800,17.925838104,STS,Offline-Inbound,3/18/2025,8400,6099,75594,64103,1307,2164
-33.670983459,59.201388889,2.640772236,STS,Offline-Inbound,5/19/2025,5173,7799,89318,87020,1834,1152
8.729967756,-6.624017060,-3.155621061,STS,Renewal,1/4/2025,67779,62337,571653,590280,21018,22509
19.533565262,-36.658354115,23.222208401,STS,Website,3/29/2025,9277,7761,59435,48234,1270,2005
73.610625655,-46.202841744,-5.562784284,STS,Offline-Outbound-QNB,2/13/2025,9934,5722,84917,89919,1098,2041
23.605036448,-37.420718816,35.289367429,STS,Offline-Inbound,5/13/2025,9326,7545,85442,63155,1184,1892
29.946674151,-28.866714184,-62.237129807,STS,Offline-Inbound,5/30/2025,9260,7126,32987,87353,1996,2806
-2.216748768,-6.067415730,115.997366689,STS,Offline-Inbound,4/26/2025,8337,8526,85306,39494,2508,2670
16.509861980,-10.837353549,33.743556661,STS,Renewal,6/2/2025,73188,62817,646836,483639,15525,17412
-19.618672389,0.042025636,-21.501629822,STS,Renewal,5/4/2025,68550,85281,450813,574296,14283,14277
-0.148520507,-7.526460212,38.164620375,STS,Offline-Inbound,2/16/2025,8740,8753,81361,58887,2359,2551
7.929325576,-24.520101413,1.387166607,STS,Renewal,5/22/2025,60108,55692,578868,570948,18756,24849
26.404926867,-25.642070934,-3.774123694,STS,Website,3/13/2025,8210,6495,80874,84046,1824,2453
28.179893574,-5.658389767,91.087256798,STS,Renewal,1/16/2025,67206,52431,726294,380085,18807,19935
-0.676293182,7.052896725,93.495699236,STS,Offline-Outbound-QNB,2/11/2025,5434,5471,60063,31041,1275,1191
-32.794484726,5.970724191,46.244442711,STS,Offline-Inbound,6/1/2025,5654,8413,56250,38463,2751,2596
-16.171749599,8.041895970,-15.734555129,STS,Renewal,5/13/2025,62670,74760,427605,507450,18258,16899
25.936220751,-15.767771730,-8.095814896,STS,Renewal,4/5/2025,74757,59361,669204,728154,15321,18189
14.499161458,-42.688947968,-63.657894420,STS,Offline-Inbound,4/21/2025,7510,6559,30229,83179,1509,2633
1.852177739,-10.132461724,37.381897513,STS,Renewal,4/11/2025,69453,68190,502521,365784,15672,17439
14.603031667,60.075026795,-40.778905534,STS,Website,5/17/2025,7636,6663,49770,84041,2987,1866
9.222292039,-2.048805951,20.810389934,STS,Renewal,2/26/2025,67791,62067,581847,481620,22518,22989
-6.336416079,-3.317764535,-6.287317424,STS,Renewal,1/15/2025,61374,65526,578211,617004,18009,18627
2.541587610,-15.995596099,4.138337530,STS,Renewal,1/11/2025,69717,67989,604245,580233,16023,19074
11.074535622,59.637188209,-56.280947386,STS,Offline-Inbound,1/31/2025,9448,8506,35847,81994,2816,1764
-10.059239007,4.916666667,23.906033287,STS,Website,5/12/2025,7895,8778,71469,57680,2518,2400
35.601878128,87.841945289,46.845197431,STS,Renewal,2/22/2025,78843,58143,644856,439140,24102,12831
-1.521491061,-10.067114094,-15.163815948,STS,Offline-Inbound,4/1/2025,7767,7887,70431,83020,2144,2384
-28.394056585,72.368421053,-35.944854944,STS,Offline-Inbound,3/5/2025,7036,9826,45859,71593,1965,1140
42.116630670,-54.149298977,111.633064516,STS,Offline-Inbound,1/11/2025,9870,6945,83976,39680,1210,2639
80.227540212,-15.738341969,24.448390443,STS,Website,6/3/2025,9188,5098,70785,56879,1301,1544
-3.679010362,6.339694055,2.286837844,STS,Renewal,3/6/2025,71946,74694,663279,648450,20229,19023
-5.346777671,-14.452569571,61.282171364,STS,Renewal,1/23/2025,114148,120596,1253556,777244,33692,39384
42.495126706,-8.307586680,109.916557308,STS,Website,3/14/2025,8772,6156,84779,40387,2671,2913
-1.375021154,-9.831542260,-1.054992151,STS,Renewal,3/28/2025,69933,70908,595644,601995,18627,20658
-33.485741788,-62.422360248,-17.271640947,STS,Website,2/19/2025,5528,8311,64385,77827,1089,2898
-16.984126984,-17.598071444,54.802341856,STS,Renewal,2/20/2025,67467,81270,544155,351516,11280,13689
18.643457383,115.789473684,40.736545275,STS,Offline-Inbound,4/10/2025,9883,8330,58393,41491,2747,1273
28.275044458,16.971173366,-40.086315366,STS,Website,3/5/2025,6492,5061,47617,79476,2881,2463
-8.684454517,-48.470839260,32.049197224,STS,Offline-Outbound-QNB,3/17/2025,8864,9707,57654,43661,1449,2812
-20.051072523,59.977578475,-33.014305480,STS,Website,5/13/2025,7827,9790,52772,78781,2854,1784
-13.286622551,94.867682438,-5.754195083,STS,Offline-Inbound,3/15/2025,6683,7707,71722,76101,2430,1247
-11.955855303,-5.973451327,36.519504592,STS,Website,1/19/2025,5744,6524,64814,47476,1275,1356
26.863644082,-2.278120551,11.227283868,STS,Renewal,5/19/2025,67239,53001,476481,428385,18531,18963
-39.542906425,-39.450171821,-34.207159028,STS,Offline-Outbound-QNB,3/4/2025,5608,9276,40106,60958,1762,2910
43.281752719,84.832904884,2.222222222,STS,Offline-Inbound,4/12/2025,9352,6527,66102,64665,2157,1167
24.633204633,36.045729657,-14.635811984,STS,Offline-Outbound-QNB,1/13/2025,6456,5180,43750,51251,2023,1487
-27.804006635,59.663299663,-22.869284091,STS,Website,5/10/2025,5658,7837,54634,70833,2371,1485
52.623097583,10.599478714,-50.605460595,STS,Offline-Inbound,5/23/2025,8524,5585,36671,74241,2546,2302
60.762755540,1.255020080,38.822844035,STS,Offline-Inbound,1/17/2025,9358,5821,76254,54929,2017,1992
7.080098951,37.252747253,12.791228100,STS,Renewal,2/18/2025,75318,70338,600840,532701,22482,16380
-17.198555957,21.367867260,3.259148897,STS,Website,1/5/2025,5734,6925,33267,32217,2999,2471
17.877228100,53.851291184,24.655978378,STS,Renewal,3/27/2025,74199,62946,711201,570531,20733,13476
2.429423012,61.730205279,38.709287048,STS,Website,1/3/2025,9107,8891,80235,57844,2206,1364
52.041984733,25.836869401,48.406261406,STS,Offline-Inbound,2/22/2025,7967,5240,73191,49318,2669,2121
40.348711619,35.671462830,-13.918818836,STS,Website,3/3/2025,9096,6481,36031,41857,2263,1668
6.805293006,-11.915767848,-10.755478662,STS,Renewal,1/10/2025,72885,68241,519960,582624,15435,17523
47.860757553,36.797752809,-9.631358135,STS,Website,3/20/2025,9642,6521,74743,82709,2922,2136
-23.756157635,-29.760348584,-39.103873063,STS,Website,5/2/2025,6191,8120,36383,59746,1612,2295
24.279835391,1.579778831,5.997029073,STS,Website,5/19/2025,6946,5589,74924,70685,2572,2532
-22.714407020,-32.762056596,-7.386069480,STS,Offline-Outbound-QNB,1/1/2025,5461,7066,69767,75331,1687,2509
-10.284399985,-23.728813559,-31.403546251,STS,Renewal,2/23/2025,73722,82173,327522,477462,18225,23895
-7.705833223,-6.248104337,0.656231282,STS,Renewal,2/13/2025,62988,68247,569673,565959,18546,19782
0.305670182,24.533856722,2.442673097,STS,Offline-Inbound,1/19/2025,6563,6543,45881,44787,2538,2038
-41.245845395,39.756944444,-45.374172726,STS,Offline-Inbound,4/24/2025,5480,9327,43498,79629,1610,1152
-32.690150325,9.010526316,-30.419403739,STS,Offline-Inbound,4/20/2025,6000,8914,30294,43538,2589,2375
9.697175910,38.402242467,7.160865607,STS,Website,3/28/2025,6448,5878,61206,57116,1975,1427
1.789193977,-26.874775745,-10.009907121,STS,Offline-Inbound,5/16/2025,5746,5645,72667,80750,2038,2787
5.172043011,60.792349727,-26.447723100,STS,Website,4/30/2025,9781,9300,56483,76793,2354,1464
-28.955901427,-53.555324315,25.499208099,STS,Offline-Inbound,1/10/2025,6573,9252,40412,32201,1339,2883
8.615412315,74.743709226,-30.642486734,STS,Renewal,5/17/2025,72390,66648,414081,597024,22500,12876
-2.989890299,-34.709931170,121.449290933,STS,Offline-Outbound-QNB,2/26/2025,9020,9298,82450,37232,1328,2034
-10.916850220,-28.946447322,-21.862607884,STS,Offline-Inbound,3/7/2025,6471,7264,66995,85740,2030,2857
-10.973772816,-9.636197679,4.704252688,STS,Renewal,5/30/2025,60285,67716,401367,383334,20790,23007
-11.950715147,-3.435053523,18.720340258,STS,Renewal,2/24/2025,61314,69636,520857,438726,18132,18777
-16.961561928,-18.888012618,-23.752238235,STS,Website,3/15/2025,5444,6556,43860,57523,2057,2536
2.235311886,-33.518225040,8.404183390,STS,Website,5/23/2025,6769,6621,75355,69513,1678,2524
3.878116343,16.085578447,28.842958460,STS,Offline-Inbound,2/13/2025,5625,5415,63584,49350,2930,2524
-38.047301395,-41.483979764,10.075195242,STS,Offline-Inbound,5/2/2025,5108,8245,45526,41359,1735,2965
22.840903375,-6.882745472,11.452584627,STS,Renewal,3/30/2025,73266,59643,647661,581109,14652,15735
-23.484848485,88.229475767,-13.465070283,STS,Website,6/2/2025,6969,9108,49003,56628,1903,1011
50.087733291,-29.135705905,57.586979178,STS,Website,1/26/2025,9409,6269,71067,45097,1812,2557
-25.032110746,45.913290689,23.669489127,STS,Website,1/30/2025,5253,7007,56815,45941,2053,1407
-4.777694047,-50.211168466,160.430204573,STS,Website,1/20/2025,6318,6635,86567,33240,1061,2131
5.691480132,45.394736842,-9.727325020,STS,Renewal,3/26/2025,73092,69156,583797,646704,15912,10944
-38.184966388,-25.424466696,-47.753832698,STS,Offline-Inbound,1/30/2025,6069,9818,43008,82318,1713,2297
-3.012426865,17.416829746,-1.273331391,STS,Renewal,2/11/2025,60174,62043,701529,710577,18000,15330
28.532449815,-50.381402107,-6.897951818,STS,Offline-Inbound,1/13/2025,6595,5131,61911,66498,1366,2753
36.047675805,-27.987113041,21.229294572,STS,Renewal,3/20/2025,85608,62925,623772,514539,15423,21417
25.741297808,-37.683615819,-18.189969341,STS,Offline-Outbound-QNB,1/30/2025,8778,6981,56570,69148,1103,1770
-5.635144252,-11.681109185,-6.749180287,STS,Renewal,5/1/2025,71337,75597,447078,479436,15288,17310
18.847171300,-25.413553895,-21.705215145,STS,Renewal,5/10/2025,76824,64641,465522,594576,16773,22488
-41.024330403,-30.718728404,-10.802153228,STS,Website,4/12/2025,5769,9782,47059,52758,2005,2894
-22.395833333,-50.125523013,0.385559061,STS,Website,2/24/2025,6109,7872,85920,85590,1192,2390
7.896758335,152.966101695,110.582857143,STS,Offline-Inbound,2/27/2025,7023,6509,82917,39375,2985,1180
-25.431136310,1.009736747,-37.693158477,STS,Offline-Outbound-QNB,3/7/2025,6313,8466,39434,63290,2801,2773
-15.753867204,0.364830354,7.168406453,STS,Renewal,5/18/2025,66498,78933,616602,575358,16506,16446
0.336473755,66.019417476,-0.985281155,STS,Offline-Inbound,2/3/2025,7455,7430,82003,82819,2052,1236
-5.316321106,-61.218930882,4.569870921,STS,Offline-Outbound-QNB,1/20/2025,5343,5643,78258,74838,1139,2937
7.725666560,89.845261122,-35.498762788,STS,Offline-Inbound,3/1/2025,6707,6226,34930,54154,1963,1034
-7.279457125,14.108574021,4.326830726,STS,Renewal,3/10/2025,67635,72945,586563,562236,22638,19839
-23.759185252,64.465875371,54.055283813,STS,Offline-Outbound-QNB,2/25/2025,5914,7757,81258,52746,2217,1348
69.830878342,27.472527473,-19.174846971,STS,Website,1/21/2025,9339,5499,50308,62243,2436,1911
-34.831604559,1.560121766,159.809511675,STS,Website,1/13/2025,5089,7809,81562,31393,2669,2628
-7.133726444,38.932342589,-7.441289503,STS,Renewal,5/27/2025,67563,72753,450138,486327,21315,15342
-8.527715074,86.444141689,44.785098509,STS,Offline-Inbound,4/11/2025,7294,7974,70034,48371,2737,1468
47.104968248,-25.210084034,46.442387988,STS,Offline-Outbound-QNB,1/10/2025,7876,5354,85928,58677,1602,2142
-6.746698679,30.169003955,-2.224960506,STS,Renewal,4/16/2025,69912,74970,464187,474750,21720,16686
7.824540605,-24.296962880,36.089955740,STS,Offline-Inbound,5/17/2025,7276,6748,68260,50158,1346,1778
14.076904705,27.188118812,43.034462401,STS,Renewal,5/2/2025,71646,62805,581478,406530,19269,15150
58.003579240,35.375086029,-33.472093568,STS,Offline-Inbound,4/19/2025,7946,5029,59611,89603,1967,1453
-30.601461495,-24.676209952,-21.787418550,STS,Offline-Inbound,4/4/2025,6173,8895,64577,82566,1105,1467
-4.192641486,-20.059921013,-11.447003189,STS,Renewal,4/4/2025,70542,73629,552228,623613,17610,22029
-22.407641846,-44.571428571,-32.176119104,STS,Offline-Outbound-QNB,1/21/2025,6742,8689,60954,89871,1552,2800
33.146128092,-13.707276408,9.943073572,STS,Renewal,5/24/2025,73968,55554,579975,527523,21738,25191
-1.279751806,-13.322231474,72.223719780,STS,Renewal,3/24/2025,61095,61887,670851,389523,15615,18015
-14.072310024,101.763224181,-11.185745599,STS,Offline-Outbound-QNB,1/2/2025,7938,9238,62805,70715,2403,1191
23.398432641,21.024806832,47.917822498,STS,Offline-Outbound-QNB,1/6/2025,9920,8039,87983,59481,2976,2459
29.660709426,-1.592208997,-41.971517655,STS,Renewal,1/9/2025,85755,66138,405351,698538,19098,19407
5.010775862,-17.377049180,95.179572551,STS,Website,2/1/2025,5847,5568,79725,40847,1260,1525
-5.968267311,-41.061452514,-9.123237846,STS,Website,2/9/2025,8949,9517,78453,86329,1688,2864
-1.781995835,8.028105845,4.984774220,STS,Renewal,5/12/2025,73581,74916,495420,471897,21678,20067
-18.179802683,35.582822086,-29.081511080,STS,Website,3/24/2025,7381,9021,38691,54557,2652,1956
